@article{label1,
  title   = {新型低合金高强韧性耐磨钢的研究},
  author  = {杨瑞林 and 李力军 and 李玉成},
  journal = {钢铁},
  volume  = {34},
  number  = {7},
  pages   = {41--45},
  year    = {1999}
}


@article{label2,
  title     = {Real time kinematic solutions of a non-contacting, three dimensional metrology frame},
  author    = {Schinstock, DE and Cuttino, JF},
  journal   = {Precision engineering},
  volume    = {24},
  number    = {1},
  pages     = {70--76},
  year      = {2000},
  publisher = {Elsevier}
}

@book{label3,
  title     = {摩擦学原理},
  author    = {温诗铸 and 黄平},
  year      = {2002},
  publisher = {清华大学出版社有限公司}
}

